<record><leader>00000cas a22000007a 4500</leader><controlfield tag="001">9963128</controlfield><controlfield tag="008">830929c19269999nyuwr ne      0   a0eng d</controlfield><datafield ind1=" " ind2=" " tag="010"><subfield code="a">sn 83031775 </subfield></datafield><datafield ind1=" " ind2=" " tag="040"><subfield code="a">NPU</subfield><subfield code="b">eng</subfield><subfield code="c">NPU</subfield><subfield code="d">NPX</subfield><subfield code="d">NYS</subfield><subfield code="d">NSD</subfield><subfield code="d">OCLCQ</subfield><subfield code="d">STF</subfield><subfield code="d">OCLCF</subfield><subfield code="d">OCLCO</subfield></datafield><datafield ind1=" " ind2=" " tag="012"><subfield code="m">1</subfield></datafield><datafield ind1="1" ind2=" " tag="022"><subfield code="a">1066-1360</subfield><subfield code="l">1066-1360</subfield><subfield code="2">1</subfield></datafield><datafield ind1="1" ind2=" " tag="029"><subfield code="a">AU@</subfield><subfield code="b">000024692282</subfield></datafield><datafield ind1=" " ind2=" " tag="032"><subfield code="a">497760</subfield><subfield code="b">USPS</subfield></datafield><datafield ind1=" " ind2=" " tag="037"><subfield code="b">Eagle Media Partners, L.P., Eagle Media, Inc., 7 East Genesee St., Baldwinsville, NY 13027</subfield></datafield><datafield ind1=" " ind2=" " tag="042"><subfield code="a">msc</subfield><subfield code="a">nsdp</subfield></datafield><datafield ind1=" " ind2="0" tag="222"><subfield code="a">Skaneateles press</subfield></datafield><datafield ind1="0" ind2="0" tag="245"><subfield code="a">Skaneateles press.</subfield></datafield><datafield ind1=" " ind2=" " tag="260"><subfield code="a">Skaneateles, N.Y. :</subfield><subfield code="b">Jas. S. Hopper,</subfield><subfield code="c">1926-</subfield></datafield><datafield ind1=" " ind2=" " tag="300"><subfield code="a">v. :</subfield><subfield code="b">ill. ;</subfield><subfield code="c">58 cm.</subfield></datafield><datafield ind1=" " ind2=" " tag="310"><subfield code="a">Weekly</subfield></datafield><datafield ind1="0" ind2=" " tag="362"><subfield code="a">Vol. 1, no. 1 (Apr. 22, 1926)-</subfield></datafield><datafield ind1=" " ind2=" " tag="500"><subfield code="a">Publishers: Jas. S. Hopper, 1926-&lt;1935&gt;; Skaneateles Press, Inc., &lt;1941-1973&gt;; George C. Wortley III, George A. Cerio, Stewart F. Hancock III, &lt;1991&gt;.</subfield></datafield><datafield ind1=" " ind2="0" tag="651"><subfield code="a">Skaneateles (N.Y.)</subfield><subfield code="v">Newspapers.</subfield></datafield><datafield ind1=" " ind2="7" tag="655"><subfield code="a">Newspapers.</subfield><subfield code="2">fast</subfield><subfield code="0">(OCoLC)fst01423814</subfield></datafield><datafield ind1=" " ind2="7" tag="651"><subfield code="a">New York (State)</subfield><subfield code="z">Skaneateles.</subfield><subfield code="2">fast</subfield><subfield code="0">(OCoLC)fst01214387</subfield></datafield><datafield ind1=" " ind2=" " tag="752"><subfield code="a">United States</subfield><subfield code="b">New York</subfield><subfield code="c">Onondaga</subfield><subfield code="d">Skaneateles.</subfield></datafield><datafield ind1="0" ind2="4" tag="780"><subfield code="t">Democrat (Skaneateles, N.Y.)</subfield><subfield code="w">(DLC)sn 92061468</subfield><subfield code="w">(OCoLC)25263233</subfield></datafield><datafield ind1="0" ind2="4" tag="780"><subfield code="t">Skaneateles free press (Skaneateles, N.Y. 1921)</subfield><subfield code="w">(DLC)sn 92061467</subfield><subfield code="w">(OCoLC)25264765</subfield></datafield><datafield ind1="0" ind2="5" tag="780"><subfield code="t">Skaneateles mirror</subfield><subfield code="w">(DLC)sn 92061478</subfield><subfield code="w">(OCoLC)25377455</subfield></datafield><datafield ind1=" " ind2=" " tag="936"><subfield code="a">Sept. 23, 1992 LIC</subfield></datafield></record>